<record><leader>00000cas a22000007a 4500</leader><controlfield tag="001">9898113</controlfield><controlfield tag="008">830912d19061909txuwr ne      0    0eng d</controlfield><datafield ind1=" " ind2=" " tag="010"><subfield code="a">sn 83026375 </subfield></datafield><datafield ind1=" " ind2=" " tag="040"><subfield code="a">NPV</subfield><subfield code="b">eng</subfield><subfield code="c">NPV</subfield><subfield code="d">DLC</subfield><subfield code="d">YOX</subfield><subfield code="d">OCLCQ</subfield><subfield code="d">KRTAS</subfield><subfield code="d">OCLCF</subfield><subfield code="d">OCLCO</subfield></datafield><datafield ind1="1" ind2=" " tag="029"><subfield code="a">AU@</subfield><subfield code="b">000024691527</subfield></datafield><datafield ind1=" " ind2=" " tag="042"><subfield code="a">msc</subfield></datafield><datafield ind1=" " ind2=" " tag="043"><subfield code="a">n-us-tx</subfield></datafield><datafield ind1=" " ind2=" " tag="045"><subfield code="a">x0x-</subfield></datafield><datafield ind1=" " ind2=" " tag="052"><subfield code="a">4033</subfield><subfield code="b">D22</subfield></datafield><datafield ind1="0" ind2="4" tag="245"><subfield code="a">The National co-operator and farm journal.</subfield></datafield><datafield ind1="3" ind2="0" tag="246"><subfield code="a">National cooperator and farm journal</subfield></datafield><datafield ind1="3" ind2="0" tag="246"><subfield code="a">National co-operator and Texas farm journal</subfield></datafield><datafield ind1=" " ind2=" " tag="260"><subfield code="a">Dallas, Tex. :</subfield><subfield code="b">The Farmers' Educational and Co-Operative Union Pub. Co.</subfield></datafield><datafield ind1=" " ind2=" " tag="300"><subfield code="a">v.</subfield></datafield><datafield ind1=" " ind2=" " tag="310"><subfield code="a">Weekly</subfield></datafield><datafield ind1="0" ind2=" " tag="362"><subfield code="a">Vol. 27, no. 6 (Nov. 14, 1906)-</subfield></datafield><datafield ind1="1" ind2=" " tag="362"><subfield code="a">Ceased in 1909.</subfield></datafield><datafield ind1=" " ind2=" " tag="500"><subfield code="a">Published as: National co-operator and Texas farm journal, Feb. 25, 1909-&lt;May 12, 1909&gt;.</subfield></datafield><datafield ind1=" " ind2=" " tag="500"><subfield code="a">Published in: Fort Worth, Tex., &lt;Oct. 29, 1908-May 12, 1909&gt;.</subfield></datafield><datafield ind1=" " ind2=" " tag="500"><subfield code="a">Published by: Smith &amp; Sweet, &lt;Oct. 29, 1908-May 12, 1909&gt;.</subfield></datafield><datafield ind1=" " ind2=" " tag="515"><subfield code="a">Continues vol. numbering of The Texas farm journal.</subfield></datafield><datafield ind1=" " ind2="0" tag="650"><subfield code="a">Agriculture, Cooperative</subfield><subfield code="v">Newspapers.</subfield></datafield><datafield ind1=" " ind2="0" tag="650"><subfield code="a">Cooperative marketing of farm produce</subfield><subfield code="v">Newspapers.</subfield></datafield><datafield ind1=" " ind2="7" tag="655"><subfield code="a">Newspapers.</subfield><subfield code="2">fast</subfield><subfield code="0">(OCoLC)fst01423814</subfield></datafield><datafield ind1=" " ind2="7" tag="650"><subfield code="a">Agriculture, Cooperative.</subfield><subfield code="2">fast</subfield><subfield code="0">(OCoLC)fst00801781</subfield></datafield><datafield ind1=" " ind2="7" tag="650"><subfield code="a">Cooperative marketing of farm produce.</subfield><subfield code="2">fast</subfield><subfield code="0">(OCoLC)fst00878171</subfield></datafield><datafield ind1=" " ind2=" " tag="752"><subfield code="a">United States</subfield><subfield code="b">Texas</subfield><subfield code="c">Dallas</subfield><subfield code="d">Dallas.</subfield></datafield><datafield ind1=" " ind2=" " tag="752"><subfield code="a">United States</subfield><subfield code="b">Texas</subfield><subfield code="c">Tarrant</subfield><subfield code="d">Fort Worth.</subfield></datafield><datafield ind1="0" ind2="4" tag="780"><subfield code="t">Texas farm journal</subfield><subfield code="w">(DLC)sn 86088438</subfield></datafield><datafield ind1="0" ind2="4" tag="780"><subfield code="t">National co-operator</subfield></datafield><datafield ind1="0" ind2="0" tag="785"><subfield code="t">Texas farm co-operator</subfield><subfield code="w">(DLC)sn 86088439</subfield></datafield><datafield ind1=" " ind2=" " tag="938"><subfield code="a">Kirtas Technologies, Inc.</subfield><subfield code="b">KRTS</subfield><subfield code="n">737433</subfield></datafield></record>